{
  "leader": "03725cam a2200589 i 4500",
  "fields": [
    {
      "001": "ocm00940661\\"
    },
    {
      "003": "OCoLC"
    },
    {
      "005": "20220630085744.0"
    },
    {
      "008": "740605s1974\\\\\\\\nyu\\\\\\\\\\\\b\\\\\\\\001\\0\\eng\\\\"
    },
    {
      "010": {
        "ind1": "\\",
        "ind2": "\\",
        "subfields": [
          {
            "a": "   74010737 "
          }
        ]
      }
    },
    {
      "040": {
        "ind1": "\\",
        "ind2": "\\",
        "subfields": [
          {
            "a": "DLC"
          },
          {
            "b": "eng"
          },
          {
            "c": "DLC"
          },
          {
            "d": "MUQ"
          },
          {
            "d": "BUF"
          },
          {
            "d": "SBH"
          },
          {
            "d": "BTCTA"
          },
          {
            "d": "OCLCG"
          },
          {
            "d": "NLM"
          },
          {
            "d": "AU@"
          },
          {
            "d": "YDXCP"
          },
          {
            "d": "VOV"
          },
          {
            "d": "CIRBC"
          },
          {
            "d": "OCLCO"
          },
          {
            "d": "OCLCF"
          },
          {
            "d": "OCLCQ"
          },
          {
            "d": "CNUTO"
          },
          {
            "d": "OCLCO"
          },
          {
            "d": "OCLCA"
          },
          {
            "d": "YT6"
          },
          {
            "d": "CEF"
          },
          {
            "d": "TKN"
          },
          {
            "d": "CSO"
          },
          {
            "d": "CSA"
          },
          {
            "d": "TYC"
          },
          {
            "d": "XFF"
          },
          {
            "d": "HCO"
          },
          {
            "d": "MRM"
          },
          {
            "d": "FQG"
          },
          {
            "d": "SPP"
          },
          {
            "d": "CPS"
          },
          {
            "d": "OCLCQ"
          },
          {
            "d": "TFW"
          },
          {
            "d": "CPO"
          },
          {
            "d": "PAU"
          },
          {
            "d": "LHU"
          },
          {
            "d": "SNN"
          },
          {
            "d": "OCLCQ"
          },
          {
            "d": "INT"
          },
          {
            "d": "JDP"
          },
          {
            "d": "CNCMU"
          },
          {
            "d": "QE2"
          },
          {
            "d": "TOF"
          },
          {
            "d": "E@W"
          },
          {
            "d": "UAB"
          },
          {
            "d": "WYU"
          },
          {
            "d": "DXU"
          },
          {
            "d": "OCLCQ"
          },
          {
            "d": "FWR"
          },
          {
            "d": "UWO"
          },
          {
            "d": "MTU"
          },
          {
            "d": "YOU"
          },
          {
            "d": "NZ1"
          },
          {
            "d": "HV6"
          },
          {
            "d": "CANPU"
          },
          {
            "d": "CWI"
          },
          {
            "d": "GDC"
          },
          {
            "d": "OCLCQ"
          },
          {
            "d": "EZC"
          },
          {
            "d": "LGG"
          },
          {
            "d": "OCLCQ"
          },
          {
            "d": "U3G"
          },
          {
            "d": "CBA"
          },
          {
            "d": "MBB"
          },
          {
            "d": "AZM"
          },
          {
            "d": "SXQ"
          },
          {
            "d": "CSE"
          },
          {
            "d": "FDU"
          },
          {
            "d": "VXO"
          },
          {
            "d": "MMC"
          },
          {
            "d": "CNMTR"
          },
          {
            "d": "TJC"
          },
          {
            "d": "NJT"
          },
          {
            "d": "QT7"
          },
          {
            "d": "GZN"
          },
          {
            "d": "GZW"
          },
          {
            "d": "ZQP"
          },
          {
            "d": "OCLCQ"
          },
          {
            "d": "OCLCO"
          },
          {
            "d": "OCLCQ"
          },
          {
            "d": "UKMGB"
          },
          {
            "d": "OCLCO"
          },
          {
            "d": "AGL"
          },
          {
            "d": "OCLCO"
          }
        ]
      }
    },
    {
      "016": {
        "ind1": "7",
        "ind2": "\\",
        "subfields": [
          {
            "a": "101479243"
          },
          {
            "2": "DNLM"
          }
        ]
      }
    },
    {
      "016": {
        "ind1": "7",
        "ind2": "\\",
        "subfields": [
          {
            "a": "013837495"
          },
          {
            "2": "Uk"
          }
        ]
      }
    },
    {
      "019": {
        "ind1": "\\",
        "ind2": "\\",
        "subfields": [
          {
            "a": "8513774"
          },
          {
            "a": "225118399"
          },
          {
            "a": "976647475"
          },
          {
            "a": "1006490674"
          },
          {
            "a": "1020248741"
          }
        ]
      }
    },
    {
      "020": {
        "ind1": "\\",
        "ind2": "\\",
        "subfields": [
          {
            "a": "0684139014"
          }
        ]
      }
    },
    {
      "020": {
        "ind1": "\\",
        "ind2": "\\",
        "subfields": [
          {
            "a": "9780684139012"
          }
        ]
      }
    },
    {
      "020": {
        "ind1": "\\",
        "ind2": "\\",
        "subfields": [
          {
            "a": "0684144360"
          }
        ]
      }
    },
    {
      "020": {
        "ind1": "\\",
        "ind2": "\\",
        "subfields": [
          {
            "a": "9780684144368"
          }
        ]
      }
    },
    {
      "035": {
        "ind1": "\\",
        "ind2": "\\",
        "subfields": [
          {
            "a": "(OCoLC)940661"
          },
          {
            "z": "(OCoLC)8513774"
          },
          {
            "z": "(OCoLC)225118399"
          },
          {
            "z": "(OCoLC)976647475"
          },
          {
            "z": "(OCoLC)1006490674"
          },
          {
            "z": "(OCoLC)1020248741"
          }
        ]
      }
    },
    {
      "041": {
        "ind1": "1",
        "ind2": "\\",
        "subfields": [
          {
            "a": "eng"
          },
          {
            "h": "fre"
          }
        ]
      }
    },
    {
      "050": {
        "ind1": "0",
        "ind2": "0",
        "subfields": [
          {
            "a": "GN320"
          },
          {
            "b": ".D8213"
          }
        ]
      }
    },
    {
      "060": {
        "ind1": "0",
        "ind2": "0",
        "subfields": [
          {
            "a": "GN 320"
          },
          {
            "b": "D817c 1974"
          }
        ]
      }
    },
    {
      "070": {
        "ind1": "\\",
        "ind2": "\\",
        "subfields": [
          {
            "a": "GN320.D8213"
          }
        ]
      }
    },
    {
      "082": {
        "ind1": "0",
        "ind2": "0",
        "subfields": [
          {
            "a": "573.2"
          },
          {
            "b": "DUB"
          }
        ]
      }
    },
    {
      "100": {
        "ind1": "1",
        "ind2": "\\",
        "subfields": [
          {
            "a": "Dubos, Rene\u0301 J."
          },
          {
            "q": "(Rene\u0301 Jules),"
          },
          {
            "d": "1901-1982."
          }
        ]
      }
    },
    {
      "240": {
        "ind1": "1",
        "ind2": "0",
        "subfields": [
          {
            "a": "Choisir d'e\u0302tre humain."
          },
          {
            "l": "English"
          }
        ]
      }
    },
    {
      "245": {
        "ind1": "1",
        "ind2": "0",
        "subfields": [
          {
            "a": "Beast or angel? :"
          },
          {
            "b": "choices that make us human /"
          },
          {
            "c": "Rene\u0301 Dubos."
          }
        ]
      }
    },
    {
      "260": {
        "ind1": "\\",
        "ind2": "\\",
        "subfields": [
          {
            "a": "New York :"
          },
          {
            "b": "Scribner,"
          },
          {
            "c": "\u00a91974."
          }
        ]
      }
    },
    {
      "300": {
        "ind1": "\\",
        "ind2": "\\",
        "subfields": [
          {
            "a": "xiii, 226 pages ;"
          },
          {
            "c": "24 cm"
          }
        ]
      }
    },
    {
      "336": {
        "ind1": "\\",
        "ind2": "\\",
        "subfields": [
          {
            "a": "text"
          },
          {
            "b": "txt"
          },
          {
            "2": "rdacontent"
          }
        ]
      }
    },
    {
      "337": {
        "ind1": "\\",
        "ind2": "\\",
        "subfields": [
          {
            "a": "unmediated"
          },
          {
            "b": "n"
          },
          {
            "2": "rdamedia"
          }
        ]
      }
    },
    {
      "338": {
        "ind1": "\\",
        "ind2": "\\",
        "subfields": [
          {
            "a": "volume"
          },
          {
            "b": "nc"
          },
          {
            "2": "rdacarrier"
          }
        ]
      }
    },
    {
      "500": {
        "ind1": "\\",
        "ind2": "\\",
        "subfields": [
          {
            "a": "Translation of: Choisir d'etre humain."
          }
        ]
      }
    },
    {
      "504": {
        "ind1": "\\",
        "ind2": "\\",
        "subfields": [
          {
            "a": "Includes bibliographical references."
          }
        ]
      }
    },
    {
      "505": {
        "ind1": "0",
        "ind2": "0",
        "subfields": [
          {
            "g": "Foreword:"
          },
          {
            "t": "Conveying French into English --"
          },
          {
            "g": "1."
          },
          {
            "t": "Stability and adaptability of humankind:"
          },
          {
            "t": "Old world and new world --"
          },
          {
            "t": "The saga of the human species --"
          },
          {
            "t": "The races of man --"
          },
          {
            "t": "Biological Freudianism --"
          },
          {
            "t": "Social adaptations --"
          },
          {
            "g": "2."
          },
          {
            "t": "Choosing to be human:"
          },
          {
            "t": "The bestiality of the human species --"
          },
          {
            "t": "The humanness of the human species --"
          },
          {
            "t": "Individualism and collectivity --"
          },
          {
            "t": "Humanity and the beast --"
          },
          {
            "g": "3."
          },
          {
            "t": "The past in the present:"
          },
          {
            "t": "The cave and the horizon --"
          },
          {
            "t": "Cities old and new --"
          },
          {
            "t": "The clan and the stranger --"
          },
          {
            "t": "Life in the city --"
          },
          {
            "t": "Crowds and machines --"
          },
          {
            "t": "Hauts Lieux and monuments --"
          },
          {
            "g": "4."
          },
          {
            "t": "At home on Earth:"
          },
          {
            "t": "Yesterday's future shock --"
          },
          {
            "t": "The camp and the open road --"
          },
          {
            "t": "Ulysses and the American frontier --"
          },
          {
            "t": "Technologic Utopia --"
          },
          {
            "t": "The incarnations of humankind --"
          },
          {
            "t": "Revolutions and resurrection --"
          },
          {
            "g": "5."
          },
          {
            "t": "On the pleasures of being human:"
          },
          {
            "t": "The diversity of human life --"
          },
          {
            "t": "Pluralism and the world order --"
          },
          {
            "t": "Adventure and fantasy --"
          },
          {
            "t": "Joie de Vivre and happiness."
          }
        ]
      }
    },
    {
      "520": {
        "ind1": "\\",
        "ind2": "\\",
        "subfields": [
          {
            "a": "A microbiologist inquires into the origins of human needs and desires, and shows that the existential expressions of man's genetic nature are not constant."
          }
        ]
      }
    },
    {
      "583": {
        "ind1": "\\",
        "ind2": "\\",
        "subfields": [
          {
            "a": "commitment to retain"
          },
          {
            "c": "20151204"
          },
          {
            "2": "pda"
          },
          {
            "5": "OTUTLD"
          }
        ]
      }
    },
    {
      "650": {
        "ind1": "\\",
        "ind2": "0",
        "subfields": [
          {
            "a": "Social evolution."
          }
        ]
      }
    },
    {
      "650": {
        "ind1": "\\",
        "ind2": "0",
        "subfields": [
          {
            "a": "Human evolution."
          }
        ]
      }
    },
    {
      "650": {
        "ind1": "\\",
        "ind2": "0",
        "subfields": [
          {
            "a": "Ethnology."
          }
        ]
      }
    },
    {
      "650": {
        "ind1": "\\",
        "ind2": "0",
        "subfields": [
          {
            "a": "Evolution (Biology)"
          }
        ]
      }
    },
    {
      "650": {
        "ind1": "1",
        "ind2": "2",
        "subfields": [
          {
            "a": "Anthropology, Cultural"
          }
        ]
      }
    },
    {
      "650": {
        "ind1": "2",
        "ind2": "2",
        "subfields": [
          {
            "a": "Biological Evolution"
          }
        ]
      }
    },
    {
      "650": {
        "ind1": "2",
        "ind2": "2",
        "subfields": [
          {
            "a": "Hominidae"
          }
        ]
      }
    },
    {
      "650": {
        "ind1": "\\",
        "ind2": "2",
        "subfields": [
          {
            "a": "Cultural Evolution"
          }
        ]
      }
    },
    {
      "650": {
        "ind1": "\\",
        "ind2": "7",
        "subfields": [
          {
            "a": "Human evolution."
          },
          {
            "2": "fast"
          },
          {
            "0": "(OCoLC)fst00963030"
          }
        ]
      }
    },
    {
      "650": {
        "ind1": "\\",
        "ind2": "7",
        "subfields": [
          {
            "a": "Social evolution."
          },
          {
            "2": "fast"
          },
          {
            "0": "(OCoLC)fst01122456"
          }
        ]
      }
    },
    {
      "776": {
        "ind1": "0",
        "ind2": "8",
        "subfields": [
          {
            "i": "Online version:"
          },
          {
            "a": "Dubos, Rene\u0301 J. (Rene\u0301 Jules), 1901-1982."
          },
          {
            "s": "Choisir d'e\u0302tre humain. English."
          },
          {
            "t": "Beast or angel?"
          },
          {
            "d": "New York, Scribner [1974]"
          },
          {
            "w": "(OCoLC)575381480"
          }
        ]
      }
    },
    {
      "776": {
        "ind1": "0",
        "ind2": "8",
        "subfields": [
          {
            "i": "Online version:"
          },
          {
            "a": "Dubos, Rene\u0301 J. (Rene\u0301 Jules), 1901-1982."
          },
          {
            "s": "Choisir d'e\u0302tre humain. English."
          },
          {
            "t": "Beast or angel?"
          },
          {
            "d": "New York, Scribner [1974]"
          },
          {
            "w": "(OCoLC)632047351"
          }
        ]
      }
    },
    {
      "994": {
        "ind1": "\\",
        "ind2": "\\",
        "subfields": [
          {
            "a": "Z0"
          },
          {
            "b": "NYRVC"
          }
        ]
      }
    },
    {
      "948": {
        "ind1": "\\",
        "ind2": "\\",
        "subfields": [
          {
            "h": "NO HOLDINGS IN NYRVC - 1167 OTHER HOLDINGS"
          }
        ]
      }
    },
    {
      "999": {
        "ind1": "\\",
        "ind2": "\\",
        "subfields": [
          {
            "a": "00000000013037"
          }
        ]
      }
    }
  ]
}